<?xml version="1.0" encoding="UTF-8"?><record xmlns="http://www.loc.gov/MARC21/slim" xmlns:cinclude="http://apache.org/cocoon/include/1.0" xmlns:zs="http://www.loc.gov/zing/srw/">
  <leader>00431nz  a2200121n  4500</leader>
  <controlfield tag="001">n  99909623 </controlfield>
  <controlfield tag="003">DLC</controlfield>
  <controlfield tag="005">20000824045517.0</controlfield>
  <controlfield tag="008">000724n| acannaabn          |n aaa      </controlfield>
  <datafield tag="010" ind1=" " ind2=" ">
    <subfield code="a">n  99909623 </subfield>
  </datafield>
  <datafield tag="040" ind1=" " ind2=" ">
    <subfield code="a">DLC</subfield>
    <subfield code="b">eng</subfield>
    <subfield code="c">DLC</subfield>
  </datafield>
  <datafield tag="100" ind1="1" ind2="0">
    <subfield code="a">Claeyé, Etienne</subfield>
  </datafield>
  <datafield tag="670" ind1=" " ind2=" ">
    <subfield code="a">Le programme d'investissement public ... 1985?:</subfield>
    <subfield code="b">t.p. (Etienne Claeyé, macro-économiste du Projet DJI/81/003/BIRD "Assistance à la planification et aux statistiques")</subfield>
  </datafield>
</record>